<record><leader>00000cas a2200000 a 4500</leader><controlfield tag="001">20289805</controlfield><controlfield tag="008">890901d19uu1943nyuwr ne      0    0eng c</controlfield><datafield ind1=" " ind2=" " tag="010"><subfield code="a">sn 89071389 </subfield></datafield><datafield ind1=" " ind2=" " tag="040"><subfield code="a">NYG</subfield><subfield code="b">eng</subfield><subfield code="c">NYG</subfield><subfield code="d">NYS</subfield><subfield code="d">OCLCQ</subfield><subfield code="d">OCLCF</subfield><subfield code="d">OCLCO</subfield></datafield><datafield ind1="1" ind2=" " tag="029"><subfield code="a">AU@</subfield><subfield code="b">000020366010</subfield></datafield><datafield ind1=" " ind2=" " tag="042"><subfield code="a">pcc</subfield></datafield><datafield ind1=" " ind2=" " tag="043"><subfield code="a">n-us-ny</subfield></datafield><datafield ind1="0" ind2="0" tag="245"><subfield code="a">Black River Democrat.</subfield></datafield><datafield ind1=" " ind2=" " tag="260"><subfield code="a">Lowville, N.Y. :</subfield><subfield code="b">Wormuth Bros.,</subfield><subfield code="c">-1943.</subfield></datafield><datafield ind1=" " ind2=" " tag="300"><subfield code="a">v. ;</subfield><subfield code="c">55-60 cm.</subfield></datafield><datafield ind1=" " ind2=" " tag="310"><subfield code="a">Weekly</subfield></datafield><datafield ind1="0" ind2=" " tag="362"><subfield code="a">-v. 34, no. 45 (July 1, 1943).</subfield></datafield><datafield ind1=" " ind2=" " tag="588"><subfield code="a">Description based on: Vol. 4, no. 18 (Jan. 11, 1913).</subfield></datafield><datafield ind1=" " ind2="0" tag="651"><subfield code="a">Lowville (N.Y.)</subfield><subfield code="v">Newspapers.</subfield></datafield><datafield ind1=" " ind2="0" tag="651"><subfield code="a">Lewis County (N.Y.)</subfield><subfield code="v">Newspapers.</subfield></datafield><datafield ind1=" " ind2="7" tag="655"><subfield code="a">Newspapers.</subfield><subfield code="2">fast</subfield><subfield code="0">(OCoLC)fst01423814</subfield></datafield><datafield ind1=" " ind2="7" tag="651"><subfield code="a">New York (State)</subfield><subfield code="z">Lewis County.</subfield><subfield code="2">fast</subfield><subfield code="0">(OCoLC)fst01219434</subfield></datafield><datafield ind1=" " ind2="7" tag="651"><subfield code="a">New York (State)</subfield><subfield code="z">Lowville.</subfield><subfield code="2">fast</subfield><subfield code="0">(OCoLC)fst01220447</subfield></datafield><datafield ind1=" " ind2=" " tag="752"><subfield code="a">United States</subfield><subfield code="b">New York</subfield><subfield code="c">Lewis</subfield><subfield code="d">Lowville.</subfield></datafield><datafield ind1="0" ind2="0" tag="785"><subfield code="t">Lowville leader</subfield><subfield code="w">(DLC)sn 92061742</subfield><subfield code="w">(OCoLC)25236766</subfield></datafield></record>